%%%%%%%%%%%%%%%%%%%%%%%%%%%%%%%%%%%%%%%%%%%%%%%%%%%%%%%%%%%%%%%%%%%%
% Journal Articles
%%%%%%%%%%%%%%%%%%%%%%%%%%%%%%%%%%%%%%%%%%%%%%%%%%%%%%%%%%%%%%%%%%%%

@ARTICLE{bruger_2005,
  author = {A. Br\"uger and B. Gustafsson and P. L\"otstedt and J. Nilsson},
  title = "High order accurate solution of the incompressible
          {N}avier-{S}tokes equations",
  journal = "J. Comput. Phys.",
  volume = 203,
  pages = "49--71",
  year = 2005 
}

@ARTICLE{ito_2005,
  author = "K. Ito and Z. Li and Y. Kyei",
  title = "{H}igher-order, {C}artesian {G}rid {B}ased {F}inite {D}ifference 
           {S}chemes for {E}lliptic {E}quations on {I}rregular {D}omains",
  journal = "SIAM J. SCI. COMPUT.",
  volume = 27,
  pages = "346--367",
  year = 2005 
}

@ARTICLE{patra_2005,
  author = "M. Patra and M. Karttunen",
  title = "{S}tencils with {I}sotropic {D}iscretization {E}rror for 
           {D}ifferential {O}perators",
  journal = "Numer. Meth. for Part. Diff. Eq.",
  volume = 22,
  pages = "936--953", 
  year = 2005 
}

@ARTICLE{shukla_2007,
  author = "R. K. Shukla and M. Tatineni and X. Zhong",
  title = "Very high-order compact finite difference schemes on non-uniform 
           grids for incompressible {N}avier-{S}tokes equations",
  journal = "J. Comput. Phys.",
  volume = 224,
  pages = "1064--1094",
  year = 2007 
}


@ARTICLE{chu_2009,
  author = "K. T. Chu",
  title = "{B}oosting the {A}ccuracy of {F}inite {D}iference {S}chemes via 
           {O}ptimal {T}ime {S}tep {S}election",
  note = "Submitted for review."
}

