
%%%%%%%%%%%%%%%%%%%%%%%%%%%%%%%%%%%%%%%%%%%%%%%%%%%%%%%%%%%%%%%%%%%%
% Journal Articles
%%%%%%%%%%%%%%%%%%%%%%%%%%%%%%%%%%%%%%%%%%%%%%%%%%%%%%%%%%%%%%%%%%%%

@ARTICLE{zoppou1999,
  author = "C. Zoppou and J.H. Knight",
  title = "Analytical solution of a spatially variable coefficient
           advection-diffusion equation in up to three dimensions",
  journal = "Appl. Math. Model.",
  volume = 23,
  pages = "667--685",
  year = 1999 
}

@ARTICLE{kreiss2002,
  author = "H.-O. Kreiss and N.A. Petersson and J. Ystr\"om",
  title = "Difference Approximations for the Second Order Wave Equation",
  journal = "SIAM. J. Numer. Anal",
  volume = 40,
  pages = "1940--1967",
  year = 2002
}

@ARTICLE{guidotti2006,
  author = "P. Guidotti and J.V. Lambers and K. Solna",
  title = "{A}nalysis of {W}ave {P}ropoagation in 1{D} 
           {I}nhomogeneous {M}edia", 
  journal = "Numer. Func. Anal. Opt.",
  volume = 27,
  pages = "25--55",
  year = 2006
}


%%%%%%%%%%%%%%%%%%%%%%%%%%%%%%%%%%%%%%%%%%%%%%%%%%%%%%%%%%%%%%%%%%%%
% Numerical Methods Books
%%%%%%%%%%%%%%%%%%%%%%%%%%%%%%%%%%%%%%%%%%%%%%%%%%%%%%%%%%%%%%%%%%%%

@BOOK{leveque_book_1992,
  author = "R.~J. LeVeque",
  title = "Numerical Methods for Conservation Laws",
  publisher = {Birkh\"auser Verlag},
  address = "Berlin",
  year = 1992
} 

@BOOK{gko_book,
  author = "B. Gustafsson and H.-O. Kreiss and J. Oliger",
  title = "Time Dependent Problems and Difference Methods",
  publisher = "John Wiley \& Sons, Inc.",
  address = "New York, NY",
  year = 1995
} 
