
%%%%%%%%%%%%%%%%%%%%%%%%%%%%%%%%%%%%%%%%%%%%%%%%%%%%%%%%%%%%%%%%%%%%
% Journal Articles
%%%%%%%%%%%%%%%%%%%%%%%%%%%%%%%%%%%%%%%%%%%%%%%%%%%%%%%%%%%%%%%%%%%%

@ARTICLE{zoppou1999,
  author = "C. Zoppou and J.H. Knight",
  title = "Analytical solution of a spatially variable coefficient
           advection-diffusion equation in up to three dimensions",
  journal = "Appl. Math. Model.",
  volume = 23,
  pages = "667--685",
  year = 1999 
}

@ARTICLE{kreiss2002,
  author = {H.-O. Kreiss and N.A. Petersson and J. Ystr\"om},
  title = "Difference Approximations for the Second Order Wave Equation",
  journal = "SIAM. J. Numer. Anal",
  volume = 40,
  pages = "1940--1967",
  year = 2002
}

@ARTICLE{vanmilligen2005,
  author = "B. van Milligen and P.D. Bons and B.A. Carreras and R. S\'anchez",
  title = "{O}n the applicability of {F}ick's Law to diffusion in 
           inhomogeneous systems",
  journal = "Eur. J. Phys.",
  volume = 26,
  pages = "913--925",
  year = 2005
}

@ARTICLE{guidotti2006,
  author = "P. Guidotti and J.V. Lambers and K. Solna",
  title = "{A}nalysis of {W}ave {P}ropoagation in 1{D} 
           {I}nhomogeneous {M}edia", 
  journal = "Numer. Func. Anal. Opt.",
  volume = 27,
  pages = "25--55",
  year = 2006
}

@UNPUBLISHED{chu_otspde,
  author = "K. T. Chu",
  title = "{B}oosting the {A}ccuracy of {F}inite {D}ifference {S}chemes
           via {O}ptimal {T}ime {S}tep {S}election",
  note = "Under review"
}


%%%%%%%%%%%%%%%%%%%%%%%%%%%%%%%%%%%%%%%%%%%%%%%%%%%%%%%%%%%%%%%%%%%%
% Books
%%%%%%%%%%%%%%%%%%%%%%%%%%%%%%%%%%%%%%%%%%%%%%%%%%%%%%%%%%%%%%%%%%%%

@BOOK{carrier_pearson_book,
  author = "G.F. Carrier and C.E. Pearson",
  title = "Ordinary Differential Equations",
  publisher = "Society for Industrial and Applied Mathematics",
  address = "Philadelphia",
  year = 1991
} 

@BOOK{leveque_book_1992,
  author = "R.~J. LeVeque",
  title = "Numerical Methods for Conservation Laws",
  publisher = {Birkh\"auser Verlag},
  address = "Berlin",
  year = 1992
} 

@BOOK{gko_book,
  author = "B. Gustafsson and H.-O. Kreiss and J. Oliger",
  title = "Time Dependent Problems and Difference Methods",
  publisher = "John Wiley \& Sons, Inc.",
  address = "New York, NY",
  year = 1995
} 
