
%%%%%%%%%%%%%%%%%%%%%%%%%%%%%%%%%%%%%%%%%%%%%%%%%%%%%%%%%%%%%%%%%%%%
% Journal Articles
%%%%%%%%%%%%%%%%%%%%%%%%%%%%%%%%%%%%%%%%%%%%%%%%%%%%%%%%%%%%%%%%%%%%

@ARTICLE{richardson_1927,
  author = "L.~F. Richardson and J.~A. Gaunt",
  title = "The {D}eferred {A}pproach to the {L}imit",
  journal = "Trans. Roy. Soc. (London)",
  volume = "226A",
  pages = "299--361", 
  year = 1927
}

@ARTICLE{chan_1984,
  author = "T. Chan",
  title = "Stability {A}nalysis of {F}inite {D}ifference {S}chemes for the
           {A}vection-{D}iffusion {E}quation",
  journal = "SIAM J. NUMER. ANAL.",
  volume = "21",
  pages = "272--284",
  year = 1984
}

@ARTICLE{gupta_1998,
  author = "M. M. Gupta and J. Kouatchou",
  title = "Symbolic derivation of finite difference approximations for the 
           three-dimensional Poisson equation",
  journal = "Numer. Meth. for Part. Diff. Eq.",
  volume = 14,
  pages = "593--606", 
  year = 1998 
}

@ARTICLE{fedkiw_1999,
  author = "R. Fedkiw and T. Aslam and B. Merriman and S. Osher",
  title = "A {N}on-{O}scillatory {E}ulerian {A}pproach to {I}nterfaces in 
           {M}ultimaterial {F}lows ({T}he {G}host {F}luid {M}ethod)", 
  journal = "J. Comput. Phys.",
  volume = 152,
  pages = "457-492",
  year = 1999
}

@ARTICLE{bruger_2005,
  author = {A. Br\"uger and B. Gustafsson and P. L\"otstedt and J. Nilsson},
  title = "High order accurate solution of the incompressible
          {N}avier-{S}tokes equations",
  journal = "J. Comput. Phys.",
  volume = 203,
  pages = "49--71",
  year = 2005 
}

@ARTICLE{gibou_2005,
  author = "F. Gibou and R. Fedkiw",
  title = "A fourth order accurate discretization for the {L}aplace and heat 
           equations on arbitrary domains, with applications to the {S}tefan 
           problem",
  journal = "J. Comput. Phys.",
  volume = 202,
  pages = "577-601",
  year = 2005 
}

@ARTICLE{ito_2005,
  author = "K. Ito and Z. Li and Y. Kyei",
  title = "Higher-order, Cartesian Grid Based Finite Difference Schemes for
           Elliptic Equations on Irregular Domains",
  journal = "SIAM J. SCI. COMPUT.",
  volume = 27,
  pages = "346--367",
  year = 2005 
}

@ARTICLE{patra_2005,
  author = "M. Patra and M. Karttunen",
  title = "Stencils with {I}sotropic {D}iscretization {E}rror for 
           {D}ifferential {O}perators",
  journal = "Numer. Meth. for Part. Diff. Eq.",
  volume = 22,
  pages = "936--953", 
  year = 2005 
}

@ARTICLE{shukla_2005,
  author = "R. K. Shukla and X. Zhong",
  title = "Derivation of high-order compact finite difference schemes
           for non-uniform grid using polynomial interpolation",
  journal = "J. Comput. Phys.",
  volume = 204,
  pages = "404--429",
  year = 2005 
}

@ARTICLE{greer_2006,
  author = "J.~B. Greer and A.~L. Bertozzi and G. Sapiro",
  title = "Fourth order partial differential equations on general
           geometries",
  journal = "J. Comput. Phys.",
  volume = 216,
  pages = "216--246",
  year = 2006 
}

@ARTICLE{zhao_2006,
  author = "F. Zhao",
  title = "Weighting {F}actors for {S}ingle-{S}tep {T}rapezoidal {M}ethod",
  journal = "J. Heat Transf.-Trans. ASME", 
  volume = 128,
  pages = "409--412", 
  year = 2006 
}


@ARTICLE{shukla_2007,
  author = "R. K. Shukla and M. Tatineni and X. Zhong",
  title = "Very high-order compact finite difference schemes on non-uniform 
           grids for incompressible Navier-Stokes equations",
  journal = "J. Comput. Phys.",
  volume = 224,
  pages = "1064--1094",
  year = 2007 
}


%%%%%%%%%%%%%%%%%%%%%%%%%%%%%%%%%%%%%%%%%%%%%%%%%%%%%%%%%%%%%%%%%%%%
% Numerical Methods Books
%%%%%%%%%%%%%%%%%%%%%%%%%%%%%%%%%%%%%%%%%%%%%%%%%%%%%%%%%%%%%%%%%%%%

@BOOK{leveque_book_1992,
  author = "R.~J. LeVeque",
  title = "Numerical Methods for Conservation Laws",
  publisher = {Birkh\"auser Verlag},
  address = "Berlin",
  year = 1992
} 

@BOOK{gko_book,
  author = "B. Gustafsson and H.-O. Kreiss and J. Oliger",
  title = "Time Dependent Problems and Difference Methods",
  publisher = "John Wiley \& Sons, Inc.",
  address = "New York, NY",
  year = 1995
} 

@BOOK{iserles_book,
  author = "A. Iserles",
  title = "A First Course in the Numerical Analysis of Differential Equations",
  publisher = "Cambridge University Press",
  address = "Cambridge, UK",
  year = 1996
} 

@BOOK{trefethen_spectral_book,
  author = "L.~N. Trefethen",
  title = "Spectral Methods in MATLAB",
  publisher = "SIAM",
  address = "Philadelphia, PA",
  year = 2000
}

@BOOK{boyd_spectral_book,
  author = "J. P. Boyd",
  title = "Chebyshev and Fourier Spectral Methods",
  publisher = "Dover Publications, Inc.",
  address = "Mineola, NY",
  edition = "2nd",
  year = 2001
}

@BOOK{heath_book,
  author = "M.~T. Heath",
  title = "Scientific Computing",
  publisher = "The McGraw-Hill Companies, Inc.",
  address = "New York, NY",
  year = 2002
} 

@BOOK{leveque_book_2002,
  author = "R.~J. LeVeque",
  title = "Finite Volume Methods for Hyperbolic Problems",
  publisher = "Cambridge University Press",
  address = "Cambridge, UK",
  year = 2002
} 


%%%%%%%%%%%%%%%%%%%%%%%%%%%%%%%%%%%%%%%%%%%%%%%%%%%%%%%%%%%%%%%%%%%%
% General Mathematics Books
%%%%%%%%%%%%%%%%%%%%%%%%%%%%%%%%%%%%%%%%%%%%%%%%%%%%%%%%%%%%%%%%%%%%

@BOOK{apostol_book,
  author = "T.~M. Apostol",
  title = "Calculus: Volume II",
  publisher = "John Wiley \& Sons, Inc.",
  address = "New York, NY",
  year = 1969
} 

@BOOK{whitham_book,
  author = "G.~B. Whitham",
  title = "Linear and Nonlinear Waves",
  publisher = "John Wiley \& Sons, Inc.",
  address = "New York, NY",
  year = 1999
}
 
@BOOK{evans_book,
  author = "L.~.C. Evans",
  title = "Partial Differential Equations",
  publisher = "American Mathematical Society",
  address = "Providence, RI",
  year = 1998
}
 
@BOOK{osher_fedkiw_book,
  author = "S. Osher and R. Fedkiw",
  title = "Level Set Methods and Dynamic Implicit Surfaces",
  publisher = "Springer",
  address = "New York, NY",
  year = 2003
}

@BOOK{boyce_diprima_book,
  author = "W.~E. Boyce and R.~C. DiPrima",
  title = "Elementary Differential Equations and Boundary Value Problems",
  publisher = "John Wiley \& Sons, Inc.",
  address = "New York, NY",
  year = 2005
} 
